<?xml version="1.0" encoding="UTF-8"?><collection><record><leader>05044ntm a22005052a 4500</leader><controlfield tag="001">006805623</controlfield><controlfield tag="003">MiAaHDL</controlfield><controlfield tag="005">20190719000000.0</controlfield><controlfield tag="006">m        d        </controlfield><controlfield tag="007">cr bn ---auaua</controlfield><controlfield tag="008">090601s1536    xx            00| ||ara d</controlfield><datafield tag="035" ind1=" " ind2=" "><subfield code="a">(MiU)006805623</subfield></datafield><datafield tag="035" ind1=" " ind2=" "><subfield code="a">sdr-miu006805623</subfield></datafield><datafield tag="040" ind1=" " ind2=" "><subfield code="a">MiU</subfield><subfield code="c">MiU</subfield><subfield code="e">amremm</subfield></datafield><datafield tag="043" ind1=" " ind2=" "><subfield code="a">n-us-mi</subfield></datafield><datafield tag="100" ind1="1" ind2=" "><subfield code="6">880-01</subfield><subfield code="a">Jurjānī, ʻAlī ibn Muḥammad,</subfield><subfield code="c">al-Sayyid al-Sharīf,</subfield><subfield code="d">1340-1413.</subfield></datafield><datafield tag="245" ind1="1" ind2="0"><subfield code="6">880-03</subfield><subfield code="a">Ḥāshiyat al-Sayyid al-Sharīf al-ʻalāmah ʻalá Sharḥ al-Shamsīyah fī ʻilm al-maʻqūlāt,</subfield><subfield code="f">[942, i.e. 1536].</subfield></datafield><datafield tag="260" ind1=" " ind2=" "><subfield code="c">[1536].</subfield></datafield><datafield tag="300" ind1=" " ind2=" "><subfield code="a">101 leaves :</subfield><subfield code="b">paper ;</subfield><subfield code="c">135 x95 (77 x 50) mm.</subfield></datafield><datafield tag="500" ind1=" " ind2=" "><subfield code="a">Shelfmark: Ann Arbor, University of Michigan, Special Collections Library, Isl. Ms. 608</subfield></datafield><datafield tag="500" ind1=" " ind2=" "><subfield code="a">Origin: As appears in colophon on fol.101b copied by Muḥammad ibn Maḥmūd [...?]. Copying finished in the middle of Shaʻbān 942 [February 1536].</subfield></datafield><datafield tag="500" ind1=" " ind2=" "><subfield code="a">Accompanying materials: a. Inventory cataloguing slips in hand of Winifred Smeaton Thomas. -- b. Acquisitions slip from Yahuda.</subfield></datafield><datafield tag="500" ind1=" " ind2=" "><subfield code="a">Former shelfmark: From inner front cover and spine label, "IL 84" (likely supplied by Yahuda).</subfield></datafield><datafield tag="500" ind1=" " ind2=" "><subfield code="a">Binding: Pasteboard covered in marbled paper (in lavender, blue and white) with light brown leather on the spine and fore-edge flap (nearly half-bound); Type II binding (with flap); intact and likely later than text.</subfield></datafield><datafield tag="500" ind1=" " ind2=" "><subfield code="a">Support: non-European laid paper; non-"Mamluk" with slightly curved (wavy), single chain lines running horizontally and separated by roughly 32 cm. ; laid lines running vertically and spaced roughly 8-9 laid lines per cm. (see fol.5 for very clear chain lines); flyleaves of European laid paper with watermark partially visible "AGNANI" [?].</subfield></datafield><datafield tag="500" ind1=" " ind2=" "><subfield code="a">Decoration: Text rubricated with words such as "qāla" marking the dialogic relationship between this gloss and text which it is glossing, in red; red overlines and flourishes are also occasionally used.</subfield></datafield><datafield tag="500" ind1=" " ind2=" "><subfield code="a">Script: Naskh; very small hand with alifs just under 2 mm. high, having an Eastern and possibly Persian character; lām alifs have a prominent barbed serif on the left-hand ascender; an upward-spiraling hāʼ is used in the colophon (fol. 101b); elongated swooping tails on some final letters; tanwīn al-fatḥah is marked, hamzah and shaddah are not.</subfield></datafield><datafield tag="500" ind1=" " ind2=" "><subfield code="a">Layout: Written in 17 lines per page; frame-ruled.</subfield></datafield><datafield tag="500" ind1=" " ind2=" "><subfield code="a">Collation: 9 V (90), VI-1 (101) (final quire could be V+1 but numerous repairs make it difficult to ascertain; sewing appears after the 6th folio); catchwords present; pagination in pencil, Western numerals (referenced in cataloguing).</subfield></datafield><datafield tag="500" ind1=" " ind2=" "><subfield code="a">Colophon: "Scribal," triangular, reads: "تم الكتاب بعون الملك الوهاب [...؟] عباد الله محمد بن محمود [...؟] في اواسط شهر شعبان المعظم في سنة اثنين واربعين وتسعمائة"</subfield></datafield><datafield tag="500" ind1=" " ind2=" "><subfield code="a">Explicit: "ان التصديق بوجود الموضوع جزء من العلم وهذا الجواب مردود لان الشيخ الرئيس قد صرح في الشفاء بان التصديق بوجود الموضوع من المبادى التصديقية فلا يكون جزء على [...؟] بل مندرجا في المبادى التصديقية"</subfield></datafield><datafield tag="500" ind1=" " ind2=" "><subfield code="a">Incipit: " قال ورتبته على مقدمة و[ثلاث] مقالات وخاتمة اقول هكذا وجدنا عبارة المتن في كثير من النسخ والصواب "</subfield></datafield><datafield tag="500" ind1=" " ind2=" "><subfield code="a">Title from inscription on fol.1a 'titlepage'.</subfield></datafield><datafield tag="500" ind1=" " ind2=" "><subfield code="a">Ms. codex.</subfield></datafield><datafield tag="510" ind1="4" ind2=" "><subfield code="a">Brockelmann, C. GAL,</subfield><subfield code="c">I 466 ; II 217</subfield></datafield><datafield tag="520" ind1="8" ind2=" "><subfield code="a">Gloss on the commentary by Muḥammad ibn Muḥammad al-Rāzī Quṭb al-Dīn al-Taḥtānī, (d.766/1365) on al-Risālah al-shamsīyah, a treatise on logic by ʻAlī ibn ʻUmar al-Qazwīnī (d. 675/1276). Description provided by Noah Gardiner.</subfield></datafield><datafield tag="538" ind1=" " ind2=" "><subfield code="a">Mode of access: Internet.</subfield></datafield><datafield tag="541" ind1=" " ind2=" "><subfield code="a">Acquired in 1926 from the bookseller Isaac Benjamin S.E. Yahuda via purchase transacted on his behalf by Abraham Shalom Yahuda (1877-1951), his younger brother.</subfield></datafield><datafield tag="546" ind1=" " ind2=" "><subfield code="a">Arabic.</subfield></datafield><datafield tag="561" ind1=" " ind2=" "><subfield code="a">Occasional marginal corrections throughout, many in the copyist's hand, all marked with abbreviation or ligature for ṣaḥḥa; marks of collation in the form of "بلغ" appear frequently throughout; only note of any significant length appears on fol.89a (in nastaʻlīq).</subfield></datafield><datafield tag="600" ind1="1" ind2="0"><subfield code="a">Quṭb al-Taḥtānī, Muḥammad ibn Muḥammad,</subfield><subfield code="d">1294 or 5-1364 or 5.</subfield><subfield code="t">Sharḥ al-Shamsīyah.</subfield></datafield><datafield tag="650" ind1=" " ind2="0"><subfield code="a">Manuscripts, Arabic</subfield><subfield code="z">Michigan</subfield><subfield code="z">Ann Arbor.</subfield></datafield><datafield tag="650" ind1=" " ind2="0"><subfield code="a">Logic, Medieval</subfield><subfield code="v">Early works to 1800.</subfield></datafield><datafield tag="700" ind1="1" ind2="2"><subfield code="6">880-05</subfield><subfield code="a">Muḥammad ibn Maḥmūd,</subfield><subfield code="d">fl. 1536,</subfield><subfield code="e">scribe.</subfield></datafield><datafield tag="773" ind1="0" ind2=" "><subfield code="a">Yahuda Collection.</subfield></datafield><datafield tag="880" ind1="1" ind2="2"><subfield code="6">700-05/</subfield><subfield code="a">محمد بن محمود,</subfield><subfield code="e">ناسخ.</subfield></datafield><datafield tag="880" ind1="1" ind2="0"><subfield code="6">245-03/</subfield><subfield code="a">حاشية السيد الشريف العلامة على شرح الشمسية في علم المعقولات,</subfield><subfield code="f">[942ه، 1536م].</subfield></datafield><datafield tag="880" ind1="1" ind2=" "><subfield code="6">100-01/</subfield><subfield code="a">جرجاني، علي بن محمد،</subfield><subfield code="c">السيد الشريف.</subfield></datafield><datafield tag="CID" ind1=" " ind2=" "><subfield code="a">006805623</subfield></datafield><datafield tag="DAT" ind1="0" ind2=" "><subfield code="a">20190719102637.0</subfield><subfield code="b">20190719000000.0</subfield></datafield><datafield tag="DAT" ind1="1" ind2=" "><subfield code="a">20190719090653.0</subfield><subfield code="b">2019-07-19T16:11:34Z</subfield></datafield><datafield tag="DAT" ind1="2" ind2=" "><subfield code="a">2015-10-02T18:00:03Z</subfield></datafield><datafield tag="CAT" ind1=" " ind2=" "><subfield code="a">SDR-MIU</subfield><subfield code="d">EX LIBRIS - ALEPH</subfield><subfield code="l">prepare.pl-004-008</subfield></datafield><datafield tag="FMT" ind1=" " ind2=" "><subfield code="a">BK</subfield></datafield><datafield tag="HOL" ind1=" " ind2=" "><subfield code="0">sdr-miu006805623</subfield><subfield code="a">MiU</subfield><subfield code="b">SDR</subfield><subfield code="c">MIU</subfield><subfield code="p">mdp.39015079127430</subfield><subfield code="s">MIU</subfield><subfield code="1">006805623</subfield></datafield><datafield tag="974" ind1=" " ind2=" "><subfield code="b">MIU</subfield><subfield code="c">MIU</subfield><subfield code="d">20190719</subfield><subfield code="s">lit-dlps-dc</subfield><subfield code="u">mdp.39015079127430</subfield><subfield code="y">1536</subfield><subfield code="r">pd</subfield><subfield code="q">bib</subfield><subfield code="t">non-US bib date1 &lt; 1896</subfield></datafield></record></collection>